
@misc{Mpreu/preller,
  title = {Brainfuck: An Eight-Instruction Turing-Complete Programming Language},
  url = {http://www.muppetlabs.com/~breadbox/bf/},
  timestamp = {2015-04-24 01:27:00},
  author = {M{\"u}ller, Urban}
}


